@article{cleveland90,
	doi = {10.2307/2531673},
	url = {https://doi.org/10.2307%2F2531673},
	year = 1990,
	month = {mar},
	publisher = {{JSTOR}},
	volume = {46},
	number = {1},
	pages = {292},
	author = {W. S. Cleveland and M. E. McGill},
	title = {Dynamic Graphics for Statistics.},
	journal = {Biometrics}
}

@inproceedings{heer10,
	doi = {10.1145/1753326.1753357},
	url = {https://doi.org/10.1145%2F1753326.1753357},
	year = 2010,
	publisher = {{ACM} Press},
	author = {Jeffrey Heer and Michael Bostock},
	title = {Crowdsourcing graphical perception},
	booktitle = {Proceedings of the 28th international conference on Human factors in computing systems - {CHI} {\textquotesingle}10}
}
